@Article{737-Barroso_et_al-2003,
  title =	 {Web Search for a Planet: The {Google} Cluster
                  Architecture},
  author =	 {Luiz Andr\'{e} Barroso and Jeffrey Dean and Urs
                  H\"olzle},
  journal =	 {{IEEE} micro},
  volume =	 {23},
  number =	 {2},
  pages =	 {22--28},
  year =	 {2003}
}

@Article{737-Blei+Lafferty-2007,
  author =       {David M. Blei and John D. Lafferty},
  title =        {A Correlated Topic Model of Science},
  journal =      {The Annals of Applied Statistics},
  year =         2007,
  volume =       1,
  number =       1,
  pages =        {17--35},
}

@Article{737-Borthakur-2010,
  title =	 {{HDFS} Architecture},
  author =	 {Dhruba Borthakur},
  journal =	 {Document on {H}adoop Wiki},
  year =	 {2010},
  url =
                  {http://hadoop.apache.org/common/docs/r0.20.2/hdfs_design.html}
}

@InProceedings{737-Dean+Ghemawat-2004,
  title =	 {{MapReduce}: Simplified Data Processing on Large
                  Clusters},
  author =	 {Jeffrey Dean and Sanjay Ghemawat},
  booktitle =	 {Proceedings of the Sixth Symposium on Operating
                  System Design and Implementation},
  pages =	 {137--150},
  year =	 {2004},
  url =		 {http://labs.google.com/papers/mapreduce.html}
}

@Manual{737-Feinerer-2011,
  title =	 {\pkg{tm}: Text Mining Package},
  author =	 {Ingo Feinerer},
  year =	 2011,
  note =	 {\proglang{R} package version 0.5-6},
  url =		 {http://tm.R-Forge.R-project.org/}
}

@Article{737-Feinerer_etal-2008,
  author =	 {Ingo Feinerer and Kurt Hornik and David Meyer},
  title =	 {Text Mining Infrastructure in {\proglang{R}}},
  journal =	 {Journal of Statistical Software},
  volume =	 25,
  number =	 5,
  pages =	 {1--54},
  month =	 {March},
  year =	 2008,
  issn =	 {1548-7660},
  url =		 {http://www.jstatsoft.org/v25/i05}
}

@book{737-Francis+Kucera-1982,
  title =	 {Frequency Analysis of English Usage: Lexicon and
                  Grammar},
  author =	 {W. Nelson Francis and Henry Ku\v{c}era},
  year =	 {1982},
  publisher =	 {Houghton Mifflin}
}

@article{737-Gantz-2008,
  title =	 {The Diverse and Exploding Digital Universe: An
                  Updated Forecast of Worldwide Information Growth
                  Through 2011},
  author =	 {John F. Gantz and Christopher Chute and Alex
                  Manfrediz and Stephen Minton and David Reinsel and
                  Wolfgang Schlichting and Anna Toncheva},
  journal =	 {IDC White Paper},
  year =	 {2008},
  url =
                  {http://www.emc.com/collateral/analyst-reports/diverse-exploding-digital-universe.pdf}
}

@InProceedings{737-Ghemawat_etal-2003,
  author =	 {Sanjay Ghemawat and Howard Gobioff and {Shun-Tak}
                  Leung},
  title =	 {The {G}oogle File System},
  pages =	 {29--43},
  year =	 2003,
  booktitle =	 {Proceedings of the 19th {ACM} Symposium on Operating
                  Systems Principles},
  month =	 {October},
  publisher =	 {ACM Press},
  address =	 {New York, NY, USA},
  doi =		 {http://doi.acm.org/10.1145/1165389.945450}
}

@Article{737-Griffiths+Steyvers-2004,
  author =       {Thomas L. Griffiths and Mark Steyvers},
  title =        {Finding Scientific Topics},
  journal =      {Proceedings of the National Academy of Sciences of
                  the United States of America},
  volume =       101,
  year =         2004,
  issue =        {Suppl. 1},
  pages =        {5228--5235},
  doi =          {10.1073/pnas.0307752101}
}

@book{737-Hogg+Denison-2008,
  title =	 {A History of the English Language},
  editor =	 {Richard Hogg and David Denison},
  year =	 2008,
  publisher =	 {Cambridge University Press}
}

@Manual{737-Hornik+Meyer+Buchta-2011,
  title =	 {\pkg{slam}: Sparse Lightweight Arrays and Matrices},
  author =	 {Kurt Hornik and David Meyer and Christian Buchta},
  year =	 {2011},
  note =	 {\proglang{R} package version 0.1-22},
  url =		 {http://CRAN.R-project.org/package=slam},
}

@Article{737-Laemmel-2007,
  title =	 {Google's {MapReduce} Programming Model---Revisited},
  author =	 {Ralf L{\"a}mmel},
  journal =	 {Science of Computer Programming},
  volume =	 {68},
  number =	 {3},
  pages =	 {208--237},
  year =	 {2007},
  publisher =	 {Elsevier}
}

@Misc{737-Lewis-1997,
  author =	 {David Lewis},
  title =	 {Reuters-21578 Text Categorization Test Collection},
  year =	 1997,
  url =
                  {http://www.daviddlewis.com/resources/testcollections/reuters21578/}
}

@article{737-Lewis_et_al-2004,
  title =	 {{RCV1}: A New Benchmark Collection for Text
                  Categorization Research},
  author =	 {David D. Lewis and Yiming Yang and Tony G. Rose and
                  Fan Li},
  journal =	 {The Journal of Machine Learning Research},
  volume =	 {5},
  pages =	 {361--397},
  year =	 {2004}
}

@Manual{737-MPIForum-1994,
  title =	 {{MPI}: A Message-Passing Interface Standard},
  author =	 {{Message Passing Interface Forum}},
  year =	 1994
}

@Manual{737-MPIForum-2003,
  title = 	 {{MPI}-2: Extensions to the Message-Passing Interface},
  author =	 {{Message Passing Interface Forum}},
  year =	 2003
}

@article{737-Michel_et_al-2011,
  title =	 {Quantitative Analysis of Culture Using Millions of
                  Digitized Books},
  author =	 {Jean-Baptiste Michel and Yuan Kui Shen and Aviva
                  Presser Aiden and Adrian Veres and Matthew K. Gray
                  and {The Google Books Team} and Joseph P. Pickett
                  and Dale Hoiberg and Dan Clancy and Peter Norvig and
                  Jon Orwant and Steven Pinker and Martin A. Nowak and
                  Erez Lieberman Aiden},
  journal =	 {Science},
  volume =	 331,
  pages =	 {176--182},
  year =	 2011,
  doi =		 {10.1126/science.1199644}
}

@Article{737-Porter-1980,
  author =       {Martin Porter},
  title =        {An Algorithm for Suffix Stripping},
  journal =      {Program},
  year =         1980,
  volume =       3,
  pages =        {130--137}
}
 
@Manual{737-R-2011,
  title =	 {\proglang{R}: A Language and Environment for
                  Statistical Computing},
  author =	 {{\proglang{R} Development Core Team}},
  organization = {\proglang{R} Foundation for Statistical Computing},
  address =	 {Vienna, Austria},
  year =	 2011,
  note =	 {{ISBN} 3-900051-07-0},
  url =		 {http://www.R-project.org},
}

@Article{737-Rossini_etal-2003,
  author =	 {Anthony Rossini and Luke Tierney and Na Li},
  title =	 {Simple Parallel Statistical Computing in
                  \proglang{R}},
  journal =	 {{UW} Biostatistics Working Paper Series},
  year =	 2003,
  number =	 {Working Paper 193},
  URL =		 {http://www.bepress.com/uwbiostat/paper193}
}

@Misc{737-Sandhaus-2008,
  author =	 {Evan Sandhaus},
  title =	 {The {New York Times} Annotated Corpus},
  year =	 2008,
  publisher =	 {Linguistic Data Consortium},
  address =	 {Philadelphia, USA},
  url =
                  {http://www.ldc.upenn.edu/Catalog/CatalogEntry.jsp?catalogId=LDC2008T19}
}

@article{737-Schmidberger_etal-2009,
  author =	 {Markus Schmidberger and Martin Morgan and Dirk
                  Eddelbuettel and Hao Yu and Luke Tierney and Ulrich
                  Mansmann},
  title =	 {State of the Art in Parallel Computing with \proglang{R}},
  journal =	 {Journal of Statistical Software},
  volume =	 {31},
  number =	 {1},
  pages =	 {1--27},
  day =		 {4},
  month =	 {8},
  year =	 {2009},
  CODEN =	 {JSSOBK},
  ISSN =	 {1548-7660},
  bibdate =	 {2009-06-02},
  URL =		 {http://www.jstatsoft.org/v31/i01},
  accepted =	 {2009-06-02},
  submitted =	 {2008-12-29}
}

@article{737-Tetlock-2007,
  title =	 {Giving Content to Investor Sentiment: The Role of
                  Media in the Stock Market},
  volume =	 {62},
  number =	 {3},
  journal =	 {The Journal of Finance},
  author =	 {Paul Tetlock},
  year =	 {2007},
  pages =	 {1139--1168}
}

@Misc{737-hadoop-2010,
  author =	 {{The Apache Software Foundation}},
  title =	 {{H}adoop},
  year =	 {2010},
  note =	 {Release 0.20.2},
  url =		 {http://hadoop.apache.org/core/}
}

@Manual{737-Theussl+Feinerer-2011a,
  title =	 {\pkg{hive}: {H}adoop {I}nteracti{VE}},
  author =	 {Stefan Theu\ss{}l and Ingo Feinerer},
  year =	 {2011},
  note =	 {\proglang{R} package version 0.1-10},
  url =		 {http://CRAN.R-project.org/package=hive}
}

@Manual{737-Theussl+Feinerer-2011b,
  title =	 {Text Mining Distributed Corpus Plug-In},
  author =	 {Stefan Theu\ss{}l and Ingo Feinerer},
  year =	 {2011},
  note =	 {\proglang{R} package version 0.1-6},
  url =		 {http://CRAN.R-project.org/package=tm.plugin.dc}
}

@Manual{737-Tierney_etal-2011,
  title =	 {\pkg{snow}: Simple Network of Workstations},
  author =	 {Luke Tierney and Anthony Rossini and Na Li and Hana
                  Sevcikova},
  year =	 2011,
  note =	 {\proglang{R} package version 0.3-5},
}

@Manual{737-Urbanek-2011,
  title =	 {\pkg{multicore}: Parallel Processing of \proglang{R}
                  Code on Machines With Multiple Cores or CPUs},
  author =	 {Simon Urbanek},
  year =	 {2011},
  note =	 {\proglang{R} package version 0.1-5},
  url =		 {http://www.rforge.net/multicore/},
}

@Article{737-Yu-2002,
  author = 	 {Hao Yu},
  title = 	 {{\pkg{Rmpi}}: Parallel Statistical Computing in \proglang{R}},
  journal = 	 {\proglang{R} News},
  year = 	 2002,
  volume =	 2,
  number =	 2,
  pages =	 {10--14}
}

@Manual{737-Yu-2010,
  title =	 {\pkg{Rmpi}: Interface (Wrapper) to {MPI}
                  (Message-Passing Interface)},
  author =	 {Hao Yu},
  year =	 2010,
  note =	 {R package version 0.5-9},
  url =		 {http://www.stats.uwo.ca/faculty/yu/Rmpi},
}

